<record><leader>00000cas a22000007a 4500</leader><controlfield tag="001">18188264</controlfield><controlfield tag="008">880708d18611864pauwr ne      0    0eng d</controlfield><datafield ind1=" " ind2=" " tag="010"><subfield code="a">sn 88079351 </subfield></datafield><datafield ind1=" " ind2=" " tag="040"><subfield code="a">NPH</subfield><subfield code="b">eng</subfield><subfield code="c">NPH</subfield><subfield code="d">OCLCQ</subfield></datafield><datafield ind1=" " ind2=" " tag="042"><subfield code="a">msc</subfield></datafield><datafield ind1="0" ind2=" " tag="130"><subfield code="a">Union democrat (West Greenville, Pa.)</subfield></datafield><datafield ind1="1" ind2="4" tag="245"><subfield code="a">The union democrat.</subfield></datafield><datafield ind1=" " ind2=" " tag="260"><subfield code="a">West Greenville, Pa. :</subfield><subfield code="b">W.P. Hanna</subfield></datafield><datafield ind1=" " ind2=" " tag="300"><subfield code="a">v. ;</subfield><subfield code="c">53 cm.</subfield></datafield><datafield ind1=" " ind2=" " tag="310"><subfield code="a">Weekly</subfield></datafield><datafield ind1="1" ind2=" " tag="362"><subfield code="a">Began in 1861? Ceased in 1864?</subfield></datafield><datafield ind1=" " ind2=" " tag="500"><subfield code="a">Publishers: W.P. Hanna &amp; T.W. West, &lt;Sept. 1864&gt;.</subfield></datafield><datafield ind1=" " ind2=" " tag="588"><subfield code="a">Description based on: Vol. 3, no. 8 (Jan. 26, 1864).</subfield></datafield><datafield ind1=" " ind2=" " tag="752"><subfield code="a">United States</subfield><subfield code="b">Pennsylvania</subfield><subfield code="c">Mercer</subfield><subfield code="d">West Greenville.</subfield></datafield><datafield ind1=" " ind2=" " tag="752"><subfield code="a">United States</subfield><subfield code="b">Pennsylvania</subfield><subfield code="c">Mercer</subfield><subfield code="d">Greenville.</subfield></datafield></record>